<?xml version="1.0" encoding="UTF-8"?><collection xmlns="http://www.loc.gov/MARC21/slim"><record><leader>00568nam--2200169-i-4500</leader><controlfield tag="001">000013029</controlfield><controlfield tag="002">20161230</controlfield><controlfield tag="005">20161230201030</controlfield><controlfield tag="008">060222s1000------------r-----000-0-eng-d</controlfield><datafield ind1=" " ind2=" " tag="040"><subfield code="a">IFIN-HH</subfield></datafield><datafield ind1=" " ind2=" " tag="080"><subfield code="a">539.172.17:621.039.61(061.3)</subfield></datafield><datafield ind1="1" ind2=" " tag="100"><subfield code="a">Smith, Lyle W</subfield></datafield><datafield ind1="1" ind2="0" tag="245"><subfield code="a">Proceedings of the heavy ion fusion workshop held at brookhaven national laboratory upton, new york october 17-21, 1977</subfield><subfield code="c">Lyle w. smith (ed.)</subfield></datafield><datafield ind1=" " ind2=" " tag="260"><subfield code="a">Springfield</subfield><subfield code="b">National Technical Information Service</subfield><subfield code="c">1978</subfield></datafield><datafield ind1=" " ind2=" " tag="300"><subfield code="a">146P</subfield></datafield><datafield ind1=" " ind2=" " tag="852"><subfield code="a">47072</subfield><subfield code="c">539.17</subfield></datafield><datafield ind1=" " ind2=" " tag="CAT"><subfield code="a">Sys</subfield><subfield code="c">20120618</subfield><subfield code="h">164636</subfield></datafield></record></collection>